@misc{ waterfall,
       title = {www.geeksforgeeks.org},
			 howpublished = {\url{https://www.geeksforgeeks.org/software-engineering-classical-waterfall-model/}},
			 note = { 2019-12-02} }
@misc{ waterfall_image,
       title = {Vízesés modell kép},
			 howpublished = {\url{http://www.tankonyvtar.hu/en/tartalom/tamop425/0038_informatika_Projektlabor/images/image002.jpg}},
			 note = { 2019-12-02} }
			
			

			